<record><leader>00000cas a2200000 a 4500</leader><controlfield tag="001">26042295</controlfield><controlfield tag="008">920618d18591865iludn ne      0   a0eng c</controlfield><datafield ind1=" " ind2=" " tag="010"><subfield code="a">sn 92054608 </subfield></datafield><datafield ind1=" " ind2=" " tag="040"><subfield code="a">NVF</subfield><subfield code="b">eng</subfield><subfield code="c">NVF</subfield><subfield code="d">NVK</subfield><subfield code="d">OCL</subfield><subfield code="d">OCLCQ</subfield><subfield code="d">NVF</subfield><subfield code="d">DLC</subfield><subfield code="d">NVF</subfield><subfield code="d">OCLCF</subfield><subfield code="d">NVF</subfield></datafield><datafield ind1=" " ind2=" " tag="042"><subfield code="a">pcc</subfield></datafield><datafield ind1=" " ind2=" " tag="043"><subfield code="a">n-us-il</subfield></datafield><datafield ind1="0" ind2="0" tag="050"><subfield code="a">Newspaper</subfield></datafield><datafield ind1="0" ind2=" " tag="130"><subfield code="a">Quincy herald (Quincy, Ill. : 1859)</subfield></datafield><datafield ind1="1" ind2="4" tag="245"><subfield code="a">The Quincy herald.</subfield></datafield><datafield ind1=" " ind2=" " tag="260"><subfield code="a">Quincy, Ill. :</subfield><subfield code="b">Brooks &amp; Cadogan,</subfield><subfield code="c">1859-1865.</subfield></datafield><datafield ind1="2" ind2=" " tag="260"><subfield code="3">Feb. 20-Aug. 11, 1863</subfield><subfield code="a">Quincy, Ill. :</subfield><subfield code="b">Singleton &amp; Brooks</subfield></datafield><datafield ind1="2" ind2=" " tag="260"><subfield code="3">Aug. 12-24, 1863</subfield><subfield code="a">Quincy, Ill. :</subfield><subfield code="b">Austin Brooks</subfield></datafield><datafield ind1="2" ind2=" " tag="260"><subfield code="3">Aug. 25-Dec. 31, 1863</subfield><subfield code="a">Quincy, Ill. :</subfield><subfield code="b">Brooks &amp; Cadogan</subfield></datafield><datafield ind1="3" ind2=" " tag="260"><subfield code="3">&lt;Jan. 2, 1865&gt;-June 12, 1865</subfield><subfield code="a">Quincy, Ill. :</subfield><subfield code="b">John P. Cadogan &amp; Co.</subfield></datafield><datafield ind1=" " ind2=" " tag="300"><subfield code="a">v.</subfield></datafield><datafield ind1=" " ind2=" " tag="310"><subfield code="a">Daily (except Sunday)</subfield></datafield><datafield ind1="1" ind2=" " tag="362"><subfield code="a">Began in 1859.</subfield></datafield><datafield ind1="0" ind2=" " tag="362"><subfield code="a">-v. 15, no. 59 (June 12, 1865).</subfield></datafield><datafield ind1=" " ind2=" " tag="580"><subfield code="a">Weekly ed.: Quincy herald (Quincy, Ill. : 1855).</subfield></datafield><datafield ind1=" " ind2=" " tag="580"><subfield code="a">Issued also in a triweekly edition.</subfield></datafield><datafield ind1=" " ind2=" " tag="588"><subfield code="a">Description based on: Vol. 9, no. 274 (Sept. 2, 1859).</subfield></datafield><datafield ind1=" " ind2="0" tag="651"><subfield code="a">Quincy (Ill.)</subfield><subfield code="v">Newspapers.</subfield></datafield><datafield ind1=" " ind2="7" tag="651"><subfield code="a">Illinois</subfield><subfield code="z">Quincy.</subfield><subfield code="2">fast</subfield><subfield code="0">(OCoLC)fst01212078</subfield></datafield><datafield ind1=" " ind2="7" tag="655"><subfield code="a">Newspapers.</subfield><subfield code="2">fast</subfield><subfield code="0">(OCoLC)fst01423814</subfield></datafield><datafield ind1=" " ind2=" " tag="752"><subfield code="a">United States</subfield><subfield code="b">Illinois</subfield><subfield code="c">Adams</subfield><subfield code="d">Quincy.</subfield></datafield><datafield ind1="1" ind2=" " tag="775"><subfield code="t">Quincy herald (Quincy, Ill. : 1855)</subfield><subfield code="w">(DLC)sn 84038623</subfield><subfield code="w">(OCoLC)11380716</subfield></datafield><datafield ind1="0" ind2="0" tag="780"><subfield code="t">Daily Quincy herald (Quincy, Ill. : 1855)</subfield><subfield code="w">(DLC)sn 92054607</subfield><subfield code="w">(OCoLC)26042229</subfield></datafield><datafield ind1="0" ind2="0" tag="785"><subfield code="t">Daily Quincy herald (Quincy, Ill. : 1865)</subfield><subfield code="w">(DLC)sn 84038622</subfield><subfield code="w">(OCoLC)11380549</subfield></datafield><datafield ind1="1" ind2=" " tag="029"><subfield code="a">AU@</subfield><subfield code="b">000020228942</subfield></datafield></record>